1841 3260
267 1831 306 1972 COURT
276 1752 304 1803 OF
263 1448 306 1724 EXGHEQUER.

405 2716 430 2790 A.D.
391 1693 416 1808 Bmums
395 1642 413 1674 ov
393 1570 412 1625 THE
386 1368 414 1552 Excnmmzn.
380 794 405 802 ζ,
350 378 722 385 ι

409 2917 434 2988 A.R.

515 2934 542 2945 1

514 2783 544 2873 1272.
510 2683 542 2764 Nov.
507 2457 548 2568 Roger
506 2400 537 2440 de
505 2353 535 2385 la
503 2250 544 2338 Leye
500 1994 540 2126 Hervey
498 1937 529 1977 de
495 1754 528 1917 Boreham

603 2928 630 2946 2

602 2747 632 2870 1273—4
610 2354 615 2395 —
586 1999 620 2125 Walter
586 1943 616 1983 de
584 1794 625 1927 Hopton
580 1573 621 1684 Roget
579 1517 609 1557 (16
576 1301 610 1501 Northwood
574 1111 606 1200 John
573 1054 603 1093 de
571 991 604 1037 St.
571 822 603 974 Valerico

632 779 648 782 1

692 2927 719 2946 3
690 2745 720 2868 l274=5
680 2454 722 2563 Philip
681 2398 712 2438 de
679 2250 720 2382 Wileby
692 1910 695 1951 -—
685 1446 691 1488 -
679 980 683 1021 -

780 2925 806 2944 4
777 2743 808 2867 1275—6
785 2349 791 2390 —
762 2034 796 2123 John
762 1977 793 2016 (16
760 1772 794 1961 Cobbeham
772 1444 776 1486 ——
766 979 769 1017 —

867 2925 895 2961 12
865 2741 894 2867 1283-4
858 2465 889 2562 Peter
856 2421 887 2451 le
855 2270 911 2405 qhester
868 1908 874 1952 -
860 1444 863 1485 —
839 1219 885 1223 ι

956 2923 982 2961 14
953 2742 1001 2866 1285-(5
960 2348 967 2390 -
955 1907 960 1950 -
931 1534 964 1681 william
930 1477 961 1516 de
927 1275 959 1458 Middleton
888 1219 958 1223 ἰ

1043 2924 1071 2959 19
1041 2745 1070 2865 1290-1
1032 2411 1066 2560 william
1031 2355 1062 2394 de
1030 2184 1062 2338 Carleton
1043 1905 1048 1949 —
1013 1746 1016 1749 ’
1020 1582 1052 1679 Peter
1019 1524 1050 1564 (16
1017 1346 1049 1508 Leicester

1132 2921 1160 2962 23
1129 2772 1157 2864 1295.
1124 2683 1157 2753 Oct.
1127 2626 1154 2663 21
1137 2346 1142 2387 —-
1130 1903 1136 1947 —
1126 1441 1131 1483 -
1102 1103 1134 1193 John
1103 1045 1133 1084 de
1100 916 1132 1028 Insula

1220 2921 1248 2960 26
1215 2740 1246 2864 1297-8
1225 2344 1231 2387 —
1219 1904 1224 1946 —
1212 1439 1216 1482 —
1207 977 1210 1016 υ
1184 636 1225 746 Roger
1185 580 1215 619 de
1180 404 1221 562 Hegham.
1219 371 1223 373 ι

1305 2922 1336 2960 27
1305 2770 1334 2862 1299.
1299 2680 1333 2752 Oct.
1301 2624 1332 2659 17
1314 2342 1318 2384 -
1289 1975 1323 2118 Richard
1289 1918 1320 1957 de
1287 1733 1328 1902 Abyndon
1299 1438 1304 1480 --
1294 973 1298 1015 -
1288 551 1293 593 -
1228 368 1416 373 ἰ

1395 2919 1423 2959 34
1393 2771 1421 2862 1306.
1388 2680 1421 2750 Oct.
1389 2622 1418 2660 19
1401 2342 1405 2384 -
1395 1900 1399 1942 ——
1371 1480 1412 1675 Humphrey
1370 1427 1401 1466 de
1368 1234 1401 1413 Waledene
1381 972 1387 1013 —-
1378 550 1384 593 --

1470 2967 1471 2972 „
1437 674 1472 2947 ,ΝΜ-..Μ
1436 614 1439 658 A<
1435 532 1438 602 ,

709 270 919 301 EDWARD
954 270 983 298 Ι.
